@article{ren2015achieving,
  title={Achieving a Hyperlocal Housing Price Index: Overcoming Data Sparsity by Bayesian Dynamical Modeling of Multiple Data Streams},
  author={Ren, You and Fox, Emily B and Bruce, Andrew},
  journal={arXiv preprint arXiv:1505.01164},
  year={2015}
}