@book{breiman1984classification,
  title={Classification and regression trees},
  author={Breiman, Leo and Friedman, Jerome and Stone, Charles J and Olshen, Richard A},
  year={1984},
  publisher={CRC press}
}

@book{stat315bnotes,
  title={Statistics 315B Lecture Notes},
  author={Friedman, Jerome},
  year={2017}
}

@article{dethlefsen2011incomplete,
  title={Incomplete recovery and individualized responses of the human distal gut microbiota to repeated antibiotic perturbation},
  author={Dethlefsen, Les and Relman, David A},
  journal={Proceedings of the National Academy of Sciences},
  volume={108},
  number={Supplement 1},
  pages={4554--4561},
  year={2011},
  publisher={National Acad Sciences}
}

@book{rasmussen2006gaussian,
  title={Gaussian processes for machine learning},
  author={Rasmussen, Carl Edward and Williams, Christopher KI},
  volume={1},
  year={2006},
  publisher={MIT press Cambridge}
}

@article{quinonero2007approximation,
  title={Approximation methods for Gaussian process regression},
  author={Quinonero-Candela, Joaquin and Rasmussen, Carl Edward and Williams, Christopher KI},
  journal={Large-scale kernel machines},
  pages={203--224},
  year={2007},
  publisher={Cambridge, MA: MIT Press}
}

@article{fox2008hdp,
  title={An HDP-HMM for systems with state persistence},
  author={Fox, Emily B and Sudderth, Erik B and Jordan, Michael I and Willsky, Alan S},
  booktitle={Proceedings of the 25th international conference on Machine learning},
  pages={312--319},
  year={2008},
  organization={ACM}
}

@article{ghahramani1998variational,
  title={Variational learning for switching state-space models},
  author={Ghahramani, Zoubin and Hinton, Geoffrey E},
  booktitle={Neural computation},
  year={1998},
  organization={Citeseer}
}

@article{rasmussen2002infinite,
  title={Infinite mixtures of Gaussian process experts},
  author={Rasmussen, Carl E and Ghahramani, Zoubin},
  booktitle={Advances in neural information processing systems},
  pages={881--888},
  year={2002}
}

@article{fox2012multiresolution,
  title={Multiresolution gaussian processes},
  author={Fox, Emily and Dunson, David B},
  booktitle={Advances in Neural Information Processing Systems},
  pages={737--745},
  year={2012}
}

@book{fruhwirth2006finite,
  title={Finite mixture and Markov switching models},
  author={Fr{\"u}hwirth-Schnatter, Sylvia},
  year={2006},
  publisher={Springer Science \& Business Media}
}

@phdthesis{fox2009bayesian,
  title={Bayesian nonparametric learning of complex dynamical phenomena},
  author={Fox, Emily Beth},
  year={2009},
  school={Massachusetts Institute of Technology}
}
