@book{nason2010wavelet,
  title={Wavelet methods in statistics with R},
  author={Nason, Guy},
  year={2010},
  publisher={Springer Science \& Business Media}
}

@article{johnstone2011gaussian,
  title={Gaussian estimation: Sequence and multiresolution models},
  author={Johnstone, IM},
  journal={Unpublished draft},
  year={2011}
}